@incollection{1,
  title={The application of compile-time reflection to software fault tolerance using ada 95},
  author={Rogers, Patrick and Wellings, Andy J},
  booktitle={Reliable Software Technology--Ada-Europe 2005},
  pages={236--247},
  year={2005},
  publisher={Springer}
}

@article{erlangADX,
  title={Four-fold increase in productivity and quality-industrial-strength functional programming in telecom-class products},
  author={Wiger, Ulf and Ab, Ericsson Telecom},
  year={2001},
  publisher={Citeseer}
}

@inproceedings{3,
  title={Towards Haskell in the cloud},
  author={Epstein, Jeff and Black, Andrew P and Peyton-Jones, Simon},
  booktitle={ACM SIGPLAN Notices},
  volume={46},
  number={12},
  pages={118--129},
  year={2011},
  organization={ACM}
}

@articcle{4,
  title={Servo Experience Report},
  author={Anderson, Brian and Bergstrom, Lars and Herman, David  and Matthews, Josh and McAllister, Keegan and Moffitt, Jack and Sapin, Simon and Goregaoka, Manish},
  url={http://kmcallister.github.io/papers/2015-servo-experience-report-draft1.pdf}
}

@phdthesis{erlangthesis,
  title={Making reliable distributed systems in the presence of software errors},
  author={Armstrong, Joe},
  year={2003},
  school={The Royal Institute of Technology Stockholm, Sweden}
}

@article{6,
  title={A survivable distributed computing system for embedded application programs written in Ada},
  author={Cornhill, Dennis},
  journal={ACM SIGAda Ada Letters},
  volume={3},
  number={3},
  pages={79--87},
  year={1983},
  publisher={ACM}
}

@article{7,
  title={Concurrent programming in the Ada{\textregistered} language: The polling bias},
  author={Gehani, Narain H. and Cargill, Thomas A.},
  journal={Software: Practice and Experience},
  volume={14},
  number={5},
  pages={413--427},
  year={1984},
  publisher={Wiley Online Library}
}

@inproceedings{8,
  title={Cyclone: A Safe Dialect of C.},
  author={Jim, Trevor and Morrisett, J Gregory and Grossman, Dan and Hicks, Michael W and Cheney, James and Wang, Yanling},
  booktitle={USENIX Annual Technical Conference, General Track},
  pages={275--288},
  year={2002}
}

@article{9,
  title={Concurrency oriented programming in Erlang},
  author={Armstrong, Joe},
  journal={Invited talk, FFG},
  year={2003}
}

@inproceedings{10,
  title={Verifying fault-tolerant Erlang programs},
  author={Earle, Clara Benac and Fredlund, Lars-{\AA}ke and Derrick, John},
  booktitle={Proceedings of the 2005 ACM SIGPLAN workshop on Erlang},
  pages={26--34},
  year={2005},
  organization={ACM}
}

@article{dacker2000concurrent,
  title={Concurrent functional programming for telecommunications: A case study of technology introduction},
  author={D{\"a}cker, Bjarne},
  journal={Licentiate Thesis, KTH Royal Institute of Technology},
  year={2000},
  publisher={Citeseer}
}
